@ARTICLE{bashir:fast,
	AUTHOR = "Shariq Bashir and Zahoor Jan and Abdul Rauf Baig",
	TITLE = "Fast Algorithms for Mining Interesting Frequent Itemsets without Minimum Support",
	JOURNAL = "arXiv preprint",
	PUBLISHER = "arxiv.org",
	VOLUME = {arXiv:0904.3319},
	URL = {http://arxiv.org/abs/0904.3319},
	YEAR = {2004}	}

@ARTICLE{campos:hybridbayes,
	AUTHOR = "Luis M. de Campos and Juan M. Fernandez-Luna and Juan F. Huete and Miguel A. Rueda-Morales",
	TITLE = "Combining content-based and collaborative recommendations: A hybrid approach based on Bayesian networks",
	JOURNAL = "International Journal of Approximate Reasoning",
    EDITOR = {Thierry Denoeux},
    ISSN ={0888-613X},
	PUBLISHER = "Elsevier",
	VOLUME = {51},
	NUMBER = {7},
	PAGES = {785–799},
	URL = {http://www.sciencedirect.com/science/article/pii/S0888613X10000460},
    DOI = {10.1016/j.ijar.2010.04.001},
	MONTH = "September",
	YEAR = {2010}	}

@ARTICLE{dong:bittablefi,
	AUTHOR = "Jie Dong and Min Han",
	TITLE = "BitTableFI: An efficient mining frequent itemsets algorithm",
	JOURNAL = "Knowledge-Based Systems",
    EDITOR = {H. Fujita and J. Lu},
    ISSN ={0950-7051},
	PUBLISHER = "Elsevier",
	VOLUME = {20},
	NUMBER = {4},
	PAGES = {329-335},
	URL = {http://www.sciencedirect.com/science/article/pii/S0950705106001493},
    DOI = {10.1016/j.knosys.2006.08.005},
	DAY = "18",
	MONTH = "September",
	YEAR = {2006}	}

@MISC{groupLens:movielens,
	AUTHOR = "GroupLens",
	TITLE = "MovieLens datasets",
	PUBLISHER = "University of Minnesota",
	ADDRESS = "Twin Cities",
    URL = "http://grouplens.org/datasets/movielens",
	DAY = "22",
	MONTH = "April",
	YEAR = "1998"	}

@BOOK{han:datamining,
	AUTHOR = "Jiawei Han and Micheline Kamber",
	TITLE = "Data Mining: Concepts and Techniques",
	PUBLISHER = "Morgan Kaufmann",
	ADDRESS = "San Francisco",
	YEAR = "2006"	}

@ARTICLE{herlocker:evaluation,
	AUTHOR = "Jonathan L. Herlocker and Joseph A. Konstan and Loren G. Terveen and John T. Riedl",
	TITLE = "Evaluating Collaborative Filtering Recommender Systems",
	JOURNAL = "ACM Transactions on Information Systems (TOIS)",
	VOLUME = {22},
	NUMBER = {1},
	PAGES = {5-53},
	YEAR = {2004}	}

@ARTICLE{kiraly:bittable,
	AUTHOR = "András Kiraly and Attila Gyenesei and János Abonyi",
	TITLE = "Bit-Table Based Biclustering and Frequent Closed Itemset Mining in High-Dimensional Binary Data",
	JOURNAL = "Scientific World Journal",
    ISSN = {2356-6140},
	PUBLISHER = "Hindawi Publishing Corporation",
	VOLUME = {2004},
	PAGES = {1-7},
	URL = {http://www.hindawi.com/journals/tswj/2014/870406},
    DOI = {10.1155/2014/870406},
	DAY = "30",
	MONTH = "January",
	YEAR = {2014}	}

@INPROCEEDINGS{langseth:bayescf,
	AUTHOR = "Helge Langseth",
	TITLE = "Bayesian Networks for Collaborative Filtering",
	BOOKTITLE = "Norwegian Artificial Intelligens Symposium (NAIS)",
    ISBN = {9788251925198},
    EDITOR = {Anders Kofod-Petersen and Helge Langseth and Odd Eirik Gundersen},
	PUBLISHER = "Tapir Akademisk Forlag",
	PAGES = "67-78",
	URL = {www.tapironline.no/last-ned/248},
	YEAR = {2009}	}

@ARTICLE{leon:compression,
	AUTHOR = "Raudel Hernández Leon and Airel Pérez Suarez and Claudia Feregrino-Uribe",
	TITLE = "A Compression Algorithm for Mining Frequent Itemsets",
	JOURNAL = "New Trends in Electrical Engineering, Automatic Control, Computing and Communication Sciences",
    ADDRESS = {Berlin},
    EDITOR = {Carlos A. Coello Coello and Alx Poznyak and José Antonio Moreno Cadenas and Vadim Azhmyakov},
    ISBN ={978-3-8325-2429-6},
	PUBLISHER = "Logos Verlag Berlin GmbH",
	PAGES = {485-499},
	YEAR = {2010}	}

@INPROCEEDINGS{li:slidingwindow,
	AUTHOR = "Hua-Fu Li and Chin-Chuan Ho and Man-Kwan Shan and Suh-Yin Lee",
	TITLE = "Efficient Maintenance and Mining of Frequent Itemsets over Online. Data Streams with a Sliding Window",
	BOOKTITLE = "Systems, Man and Cybernetics, 2006. SMC '06. IEEE International Conference on",
    ISBN = {1-4244-0099-6},
    ADDRESS = {Taipei},
	PUBLISHER = "IEEE",
	VOLUME = {3},
	PAGES = "2672-2677",
	URL = {http://ieeexplore.ieee.org/xpl/login.jsp?tp=&arnumber=4274273},
    DOI = {10.1109/ICSMC.2006.385267},
    DAY = {8-11},
	MONTH = "October", 
	YEAR = {2006}	}

@INPROCEEDINGS{miyahara:simplebayes,
	AUTHOR = "Koji Miyahara and Michael J. Pazzani",
	TITLE = "Collaborative Filtering with the Simple Bayesian Classifier",
    TYPE = "Book Chapter",
	BOOKTITLE = "PRICAI 2000 Topics in Artificial Intelligence",
    SERIES = "Lecture Notes in Computer Science",
    EDITOR = {Riichiro Mizoguchi and John Slaney},
    ISBN = {978-3-540-67925-7},
    ADDRESS = {Melbourne},
	PUBLISHER = "Springer",
	VOLUME = {1886},
	PAGES = "679-689",
	URL = {http://link.springer.com/chapter/10.1007/3-540-44533-1_68},
    DOI = {10.1007/3-540-44533-1_68},
    DAY = {28},
	MONTH = "August", 
	YEAR = {2000}	}

@INPROCEEDINGS{paterek:svdimprove,
	AUTHOR = "Arkadiusz Paterek",
	TITLE = "Improving regularized singular value decomposition for collaborative filtering",
	BOOKTITLE = "KDD Cup Workshop at the 13th ACM SIGKDD International Conference on Knowledge Discovery and Data Mining",
    ADDRESS = {San Jose, CA, USA},
	PUBLISHER = "ACM",
	PAGES = "39-42",
	URL = {http://www.mimuw.edu.pl/~paterek/ap_kdd.pdf},
    DAY = {12-15},
	MONTH = "August", 
	YEAR = {2007}	}

@MISC{percy:svd,
	AUTHOR = "Michael Percy",
	TITLE = "Collaborative Filtering for Netfix",
    TYPE = "Lecture Notes",
	PUBLISHER = "CMPS 242 Home Page",
	ADDRESS = "Applied Mathematics & Statistics, University of California Santa Cruz, USA",
	PAGES = {11},
    URL = "https://classes.soe.ucsc.edu/cmps242/Fall09/proj/mpercy_svd_paper.pdf",
	DAY = "10",
	MONTH = "December",
	YEAR = "2009"	}

@ARTICLE{raja:bittablefi,
	AUTHOR = "A.Saleem Raja and E.George Dharma Prakash Raj",
	TITLE = "CBT-fi: Compact BitTable Approach for Mining Frequent Itemsets",
	JOURNAL = "Advances in Computer Science : an International Journal",
    ISSN ={2322-5157},
    ADDRESS = {Tehran, Iran},
	VOLUME = {3},
	NUMBER = {5},
	PAGES = {72-76},
	URL = {http://www.acsij.org/documents/v3i5/ACSIJ-2014-3-5-535.pdf},
	MONTH = "September",
	YEAR = {2014}	}

@BOOK{ricci:recommender,
	AUTHOR = "Francesco Ricci and Lior Rokach and Bracha Shapira and Paul B. Kantor",
	TITLE = "Recommender Systems Handbook",
	PUBLISHER = "Springer",
	YEAR = "2011"	}

@ARTICLE{shani:mdp,
	AUTHOR = "Guy Shani and David Heckerman and Ronen I. Brafman",
	TITLE = "An MDP-based Recommender System",
	JOURNAL = "Journal of Machine Learning Research",
    EDITOR = {Kevin Murphy and Bernhard Schölkopf},
    ISSN ={1532-4435},
	PUBLISHER = "JMLR.org",
	VOLUME = {6},
	NUMBER = {2005},
	PAGES = {1265-1295},
	URL = {http://www.jmlr.org/papers/volume6/shani05a/shani05a.pdf},
	MONTH = "September",
	YEAR = {2005}	}

@INPROCEEDINGS{shyu:associationrules,
	AUTHOR = "Mei-Ling Shyu and Choochart Haruechaiyasak and Shu-Ching Chen and Na Zhao",
	TITLE = "Collaborative Filtering by Mining Association Rules from User Access Sequences",
	BOOKTITLE = "Web Information Retrieval and Integration, 2005. WIRI '05. Proceedings. International Workshop on Challenges in",
    ISBN = {0-7695-2414-1},
    ADDRESS = {Tokyo},
	PUBLISHER = "IEEE",
	PAGES = "128-135",
	URL = {http://ieeexplore.ieee.org/xpl/login.jsp?tp=&arnumber=1553005},
    DOI = {10.1109/WIRI.2005.14},
    DAY = {8-9},
	MONTH = "April", 
	YEAR = {2005}	}

@ARTICLE{song:indexbittablefi,
	AUTHOR = "Wei Song and Bingru Yang and Zhangyan Xu",
	TITLE = "Index-BitTableFI: An improved algorithm for mining frequent itemsets",
	JOURNAL = "Knowledge-Based Systems",
    EDITOR = {H. Fujita and J. Lu},
    ISSN ={0950-7051},
	PUBLISHER = "Elsevier",
	VOLUME = {21},
	NUMBER = {6},
	PAGES = {507-513},
	URL = {http://www.sciencedirect.com/science/article/pii/S0950705108000531},
    DOI = {10.1016/j.knosys.2008.03.011},
	DAY = "25",
	MONTH = "March",
	YEAR = {2006}	}

@ARTICLE{su:survey,
	AUTHOR = "Xiaoyuan Su and Taghi M. Khoshgoftaar",
	TITLE = "A Survey of Collaborative Filtering Techniques",
	JOURNAL = "Advances in Artificial Intelligence",
	VOLUME = {2009},
	YEAR = {2009}	}

@ARTICLE{thomas:latentcf,
	AUTHOR = "Thomas Hofmann",
	TITLE = "Latent Semantic Models for Collaborative Filtering",
	JOURNAL = "ACM Transactionson Information Systems (TOIS)",
    ISSN ={1046-8188},
	PUBLISHER = "ACM",
    ADDRESS = {New York},
	VOLUME = {22},
	NUMBER = {1},
	PAGES = {89-115},
	URL = {http://dl.acm.org/citation.cfm?id=963774},
    DOI = {10.1145/963770.963774},
	MONTH = "January",
	YEAR = {2004}	}

@INPROCEEDINGS{ungar:clusteringcf,
	AUTHOR = "Lyle H. Ungar and Dean P. Foster",
	TITLE = "Clustering Methods for Collaborative Filtering",
	BOOKTITLE = "AAAI Workshop on Recommender Systems",
    ADDRESS = {Madison},
	PUBLISHER = "AAAI Press",
	VOLUME = {1},
	PAGES = "114-129",
	URL = {http://www.aaai.org/Papers/Workshops/1998/WS-98-08/WS98-08-029.pdf},
    DOI = {10.1109/ICSMC.2006.385267},
    DAY = {26-31},
	MONTH = "July", 
	YEAR = {1998}	}






